<?xml version="1.0" encoding="UTF-8"?><collection xmlns="http://www.loc.gov/MARC21/slim"><record><leader>00489nam--2200181-i-4500</leader><controlfield tag="001">000006180</controlfield><controlfield tag="002">20161230</controlfield><controlfield tag="005">20161230201026</controlfield><controlfield tag="008">060222s1000------------r-----000-0-eng-d</controlfield><datafield ind1=" " ind2=" " tag="040"><subfield code="a">IFIN-HH</subfield></datafield><datafield ind1=" " ind2=" " tag="080"><subfield code="a">534.321.9</subfield></datafield><datafield ind1="1" ind2=" " tag="100"><subfield code="a">Richardson, E.G</subfield></datafield><datafield ind1="1" ind2="0" tag="245"><subfield code="a">Ultrasonic physics</subfield><subfield code="c">E.g. richardson</subfield></datafield><datafield ind1=" " ind2=" " tag="250"><subfield code="a">Second Revised And Enlarged Edition</subfield></datafield><datafield ind1=" " ind2=" " tag="260"><subfield code="a">Amsterdam, Elsevier Publishing Company, 1962</subfield></datafield><datafield ind1=" " ind2=" " tag="300"><subfield code="a">XIV + 313 P</subfield></datafield><datafield ind1=" " ind2=" " tag="852"><subfield code="a">18325</subfield><subfield code="c">534</subfield></datafield><datafield ind1=" " ind2=" " tag="CAT"><subfield code="a">Sys</subfield><subfield code="c">20130604</subfield><subfield code="h">145756</subfield></datafield></record></collection>